@article{Lim2002Design,
journal = {Canadian journal of statistics},
pages = {109--126},
volume = {30},
publisher = {Wiley-Blackwell},
number = {1},
year = {2002},
title = {Design and analysis of computer experiments when the output is highly correlated over the input space},
copyright = {Copyright 2002 Statistical Society of Canada/Société statistique du Canada},
author = {Lim, Yong B and Sacks, Jerome and Studden, W. J and Welch, William J}
}

@article{lv2021multi,
  title={Multi-Fidelity Surrogate Model Based on Canonical Correlation Analysis and Least Squares},
  author={Lv, Liye and Zong, Chaoyong and Zhang, Chao and Song, Xueguan and Sun, Wei},
  journal={Journal of Mechanical Design},
  volume={143},
  number={2},
  pages={021705},
  year={2021},
  publisher={American Society of Mechanical Engineers}
}

@article{dette2010generalized,
  title={Generalized Latin hypercube design for computer experiments},
  author={Dette, Holger and Pepelyshev, Andrey},
  journal={Technometrics},
  volume={52},
  number={4},
  pages={421--429},
  year={2010},
  publisher={Taylor \& Francis}
}

@article{hebbal2021multi,
  title={Multi-fidelity modeling with different input domain definitions using Deep Gaussian Processes},
  author={Hebbal, Ali and Brevault, Loic and Balesdent, Mathieu and Talbi, El-Ghazali and Melab, Nouredine},
  journal={Structural and Multidisciplinary Optimization},
  volume={63},
  number={5},
  pages={2267--2288},
  year={2021},
  publisher={Springer}
}

@article{xu2016mo2tos,
  title={Mo2tos: Multi-fidelity optimization with ordinal transformation and optimal sampling},
  author={Xu, Jie and Zhang, Si and Huang, Edward and Chen, Chun-Hung and Lee, Loo Hay and Celik, Nurcin},
  journal={Asia-Pacific Journal of Operational Research},
  volume={33},
  number={03},
  pages={1650017},
  year={2016},
  publisher={World Scientific}
}

@article{yi2020multi,
  title={A multi-fidelity RBF surrogate-based optimization framework for computationally expensive multi-modal problems with application to capacity planning of manufacturing systems},
  author={Yi, Jin and Shen, Yichi and Shoemaker, Christine A},
  journal={Structural and Multidisciplinary Optimization},
  volume={62},
  pages={1787--1807},
  year={2020},
  publisher={Springer}
}

@article{wang2017generic,
  title={A generic test suite for evolutionary multifidelity optimization},
  author={Wang, Handing and Jin, Yaochu and Doherty, John},
  journal={IEEE Transactions on Evolutionary Computation},
  volume={22},
  number={6},
  pages={836--850},
  year={2017},
  publisher={IEEE}
}

@article{xiong2013sequential,
  title={Sequential design and analysis of high-accuracy and low-accuracy computer codes},
  author={Xiong, Shifeng and Qian, Peter ZG and Wu, CF Jeff},
  journal={Technometrics},
  volume={55},
  number={1},
  pages={37--46},
  year={2013},
  publisher={Taylor \& Francis}
}

@article{bryson2018multifidelity,
  title={Multifidelity quasi-newton method for design optimization},
  author={Bryson, Dean E and Rumpfkeil, Markus P},
  journal={AIAA Journal},
  volume={56},
  number={10},
  pages={4074--4086},
  year={2018},
  publisher={American Institute of Aeronautics and Astronautics}
}

@book{forrester2008engineering,
  title={Engineering design via surrogate modelling: a practical guide},
  author={Forrester, Alexander and Sobester, Andras and Keane, Andy},
  year={2008},
  publisher={John Wiley \& Sons}
}

@inproceedings{xu2014ordinal,
  title={An ordinal transformation framework for multi-fidelity simulation optimization},
  author={Xu, Jie and Zhang, Si and Huang, Edward and Chen, Chun-Hung and Lee, Loo Hay and Celik, Nurcin},
  booktitle={2014 IEEE International Conference on Automation Science and Engineering (CASE)},
  pages={385--390},
  year={2014},
  organization={IEEE}
}

@article{kennedy2000predicting,
  title={Predicting the output from a complex computer code when fast approximations are available},
  author={Kennedy, Marc C and O'Hagan, Anthony},
  journal={Biometrika},
  volume={87},
  number={1},
  pages={1--13},
  year={2000},
  publisher={Oxford University Press}
}

@article{kennedy2001bayesian,
  title={Bayesian calibration of computer models},
  author={Kennedy, Marc C and O'Hagan, Anthony},
  journal={Journal of the Royal Statistical Society: Series B (Statistical Methodology)},
  volume={63},
  number={3},
  pages={425--464},
  year={2001},
  publisher={Wiley Online Library}
}

@article{forrester2007multi,
  title={Multi-fidelity optimization via surrogate modelling},
  author={Forrester, Alexander IJ and S{\'o}bester, Andr{\'a}s and Keane, Andy J},
  journal={Proceedings of the royal society a: mathematical, physical and engineering sciences},
  volume={463},
  number={2088},
  pages={3251--3269},
  year={2007},
  publisher={The Royal Society London}
}